@misc{kenn,
      author = "Kenneth E. Hoff III",
      title = "Deriving 2D and 3D Rotations",
      month = "January",
      year = "2000",
      url = "http://gamma.cs.unc.edu/users/hoff/projects/comp236_ta/rotations/rotations.pdf"
},
