@inproceedings{foug,
 author = {Fougerolle, Yohan D. and Lanquetin, Sandrine and Neveu, Marc and Lauthelier, Thierry},
 title = {A Geometric Algorithm for Ray/B{\'e}Zier Surfaces Intersection Using Quasi-Interpolating Control Net},
 booktitle = {Proceedings of the 2008 IEEE International Conference on Signal Image Technology and Internet Based Systems},
 series = {SITIS '08},
 year = {2008},
 isbn = {978-0-7695-3493-0},
 pages = {451--457},
 numpages = {7},
 url = {http://dx.doi.org/10.1109/SITIS.2008.24},
 doi = {10.1109/SITIS.2008.24},
 acmid = {1495448},
 publisher = {IEEE Computer Society},
 address = {Washington, DC, USA},
 keywords = {Bezier surface, function bounds, ray tracing, ray surface intersection},
}

@article{monn,
 author = {Monniaux, David},
 title = {The Pitfalls of Verifying Floating-point Computations},
 journal = {ACM Trans. Program. Lang. Syst.},
 issue_date = {May 2008},
 volume = {30},
 number = {3},
 month = may,
 year = {2008},
 issn = {0164-0925},
 pages = {12:1--12:41},
 articleno = {12},
 numpages = {41},
 url = {http://doi.acm.org/10.1145/1353445.1353446},
 doi = {10.1145/1353445.1353446},
 acmid = {1353446},
 publisher = {ACM},
 address = {New York, NY, USA},
 keywords = {AMD64, Abstract interpretation, Embedded software, FPU, Floating point, IA32, IEEE-754, PowerPC, Program testing, Rounding, Safety-Critical Software, Static analysis, Verification, x87},
}

@article{blinn,
 author = {Blinn, James F.},
 title = {Models of Light Reflection for Computer Synthesized Pictures},
 journal = {SIGGRAPH Comput. Graph.},
 issue_date = {Summer 1977},
 volume = {11},
 number = {2},
 month = jul,
 year = {1977},
 issn = {0097-8930},
 pages = {192--198},
 numpages = {7},
 url = {http://doi.acm.org/10.1145/965141.563893},
 doi = {10.1145/965141.563893},
 acmid = {563893},
 publisher = {ACM},
 address = {New York, NY, USA},
 keywords = {computer graphics, graphic display, hidden surface removal, shading},
}

@book{hugh,
 author = {John F. Hughes and Andries van Dam and Morgan McGuire and David F. Sklar
           and James D. Foley and Steven K. Feiner and Kurt Akeley},
 title = {Computer graphics: principles and practice (3rd ed.)},
 year = {2013},
 month = {July},
 day = {20},
 isbn = {0321399528},
 publisher = {Addison-Wesley Professional},
 address = {Boston, MA, USA},
 pages = {1264}
}

@inproceedings{appel,
 author = {Appel, Arthur},
 title = {Some Techniques for Shading Machine Renderings of Solids},
 booktitle = {Proceedings of the April 30--May 2, 1968, Spring Joint Computer Conference},
 series = {AFIPS '68 (Spring)},
 year = {1968},
 location = {Atlantic City, New Jersey},
 pages = {37--45},
 numpages = {9},
 url = {http://doi.acm.org/10.1145/1468075.1468082},
 doi = {10.1145/1468075.1468082},
 acmid = {1468082},
 publisher = {ACM},
 address = {New York, NY, USA},
}

@book{kevi,
    author    = "Suffern, Kevin",
    title     = "Ray Tracing from the Ground Up",
    year      = "2007",
    publisher = "A K Peters/CRC Press",
}

@book{shre,
    author    = "Shreiner, Dave and Sellers, Graham and Kessenich, John and Licea-Kane, Bill",
    title     = "OpenGL Programming Guide: The Official Guide to Learning OpenGL, Version 4.3 ",
    year      = "2013",
    publisher = "Addison-Wesley Professional",
}

@mastersthesis{copy,
  document_type     = {Bachelor's Thesis},
  timestamp         = {20120522},
  author            = {Trenkwalder, Thomas},
  title             = {Implementing Ray Tracing by exploiting the {OpenCL} Vector Type},
  school            = {Leopold-Franzens-Universitaet Innsbruck},
  year              = {2012},
  type              = {Bachelor Thesis},
  month             = {June},
}

@inproceedings{will,
 author = {Williams, Amy and Barrus, Steve and Morley, R. Keith and Shirley, Peter},
 title = {An Efficient and Robust Ray-box Intersection Algorithm},
 booktitle = {ACM SIGGRAPH 2005 Courses},
 series = {SIGGRAPH '05},
 year = {2005},
 location = {Los Angeles, California},
 articleno = {9},
 url = {http://doi.acm.org/10.1145/1198555.1198748},
 doi = {10.1145/1198555.1198748},
 acmid = {1198748},
 publisher = {ACM},
 address = {New York, NY, USA},
}

@PhdThesis{wald,
  author = 	 {Ingo Wald},
  title = 	 {{Realtime} {Ray} {Tracing} and {Interactive} {Global} {Illumination}},
  school = 	 {Computer Graphics Group, Saarland University},
  year = 	 2004,
}

@article{kaji,
 author = {Kajiya, James T.},
 title = {The Rendering Equation},
 journal = {SIGGRAPH Comput. Graph.},
 issue_date = {Aug. 1986},
 volume = {20},
 number = {4},
 month = aug,
 year = {1986},
 issn = {0097-8930},
 pages = {143--150},
 numpages = {8},
 url = {http://doi.acm.org/10.1145/15886.15902},
 doi = {10.1145/15886.15902},
 acmid = {15902},
 publisher = {ACM},
 address = {New York, NY, USA},
}

@article{cook,
 author = {Cook, Robert L. and Porter, Thomas and Carpenter, Loren},
 title = {Distributed Ray Tracing},
 journal = {SIGGRAPH Comput. Graph.},
 issue_date = {July 1984},
 volume = {18},
 number = {3},
 month = jan,
 year = {1984},
 issn = {0097-8930},
 pages = {137--145},
 numpages = {9},
 url = {http://doi.acm.org/10.1145/964965.808590},
 doi = {10.1145/964965.808590},
 acmid = {808590},
 publisher = {ACM},
 address = {New York, NY, USA},
 keywords = {Camera, Constructive solid geometry, Depth of field, Focus, Gloss, Motion blur, Penumbras, Ray tracing, Shadows, Translucency, Transparency},
}

@article{whitt,
 author = {Whitted, Turner},
 title = {An Improved Illumination Model for Shaded Display},
 journal = {Commun. ACM},
 issue_date = {June 1980},
 volume = {23},
 number = {6},
 month = jun,
 year = {1980},
 issn = {0001-0782},
 pages = {343--349},
 numpages = {7},
 url = {http://doi.acm.org/10.1145/358876.358882},
 doi = {10.1145/358876.358882},
 acmid = {358882},
 publisher = {ACM},
 address = {New York, NY, USA},
 keywords = {computer animation, computer graphics, raster displays, shading, visible surface algorithms},
}


@misc{kenn,
      author = "E. Hoff III, Kenneth",
      title = "Deriving {2D} and {3D} Rotations",
      month = "January",
      year = "2000",
      url = "http://gamma.cs.unc.edu/users/hoff/projects/comp236_ta/rotations/rotations.pdf"
}
